%YAML 1.1
%TAG !u! tag:unity3d.com,2011:
--- !u!1001 &100100000
Prefab:
  m_ObjectHideFlags: 1
  serializedVersion: 2
  m_Modification:
    m_TransformParent: {fileID: 0}
    m_Modifications: []
    m_RemovedComponents: []
  m_ParentPrefab: {fileID: 0}
  m_RootGameObject: {fileID: 1195599064818154}
  m_IsPrefabParent: 1
--- !u!1 &1195599064818154
GameObject:
  m_ObjectHideFlags: 0
  m_PrefabParentObject: {fileID: 0}
  m_PrefabInternal: {fileID: 100100000}
  serializedVersion: 5
  m_Component:
  - component: {fileID: 4767853691521350}
  - component: {fileID: 114816333621540354}
  - component: {fileID: 114871102464298342}
  - component: {fileID: 114922087429092196}
  - component: {fileID: 114892197313231178}
  - component: {fileID: 114056287110024510}
  m_Layer: 0
  m_Name: Flex_Qset_2
  m_TagString: Untagged
  m_Icon: {fileID: 0}
  m_NavMeshLayer: 0
  m_StaticEditorFlags: 0
  m_IsActive: 1
--- !u!4 &4767853691521350
Transform:
  m_ObjectHideFlags: 1
  m_PrefabParentObject: {fileID: 0}
  m_PrefabInternal: {fileID: 100100000}
  m_GameObject: {fileID: 1195599064818154}
  m_LocalRotation: {x: 0, y: 0, z: 0, w: 1}
  m_LocalPosition: {x: 19.70581, y: 5.7218575, z: -12.286327}
  m_LocalScale: {x: 1, y: 1, z: 1}
  m_Children: []
  m_Father: {fileID: 0}
  m_RootOrder: 0
  m_LocalEulerAnglesHint: {x: 0, y: 0, z: 0}
--- !u!114 &114056287110024510
MonoBehaviour:
  m_ObjectHideFlags: 1
  m_PrefabParentObject: {fileID: 0}
  m_PrefabInternal: {fileID: 100100000}
  m_GameObject: {fileID: 1195599064818154}
  m_Enabled: 1
  m_EditorHideFlags: 0
  m_Script: {fileID: 11500000, guid: 8682cba73badbf04ab587471506ca319, type: 3}
  m_Name: 
  m_EditorClassIdentifier: 
--- !u!114 &114816333621540354
MonoBehaviour:
  m_ObjectHideFlags: 1
  m_PrefabParentObject: {fileID: 0}
  m_PrefabInternal: {fileID: 100100000}
  m_GameObject: {fileID: 1195599064818154}
  m_Enabled: 0
  m_EditorHideFlags: 0
  m_Script: {fileID: 11500000, guid: 65ca5a3054b467442bd1f58588839558, type: 3}
  m_Name: 
  m_EditorClassIdentifier: 
  m_fixedTimeStepMult: 1
  m_maxNeighboursCount: 32
  m_solverSubSteps: 5
  m_dynamic: 1
  deform_collider: 0
  m_cntr: {fileID: 0}
  m_diffuseParticles: {fileID: 0}
  m_colliders: {fileID: 0}
  m_parameters: {fileID: 0}
--- !u!114 &114871102464298342
MonoBehaviour:
  m_ObjectHideFlags: 1
  m_PrefabParentObject: {fileID: 0}
  m_PrefabInternal: {fileID: 100100000}
  m_GameObject: {fileID: 1195599064818154}
  m_Enabled: 1
  m_EditorHideFlags: 0
  m_Script: {fileID: 11500000, guid: a6123c0b847f93649a4f4bdf3448637f, type: 3}
  m_Name: 
  m_EditorClassIdentifier: 
  m_RelaxationMode: 1
  m_relaxationFactor: 1
  m_numIterations: 5
  m_radius: 0.01
  m_solidRestDistance: 0.005
  m_fluidRestDistance: 0.005
  m_dynamicFriction: 1
  m_staticFriction: 1
  m_particleFriction: 1
  m_restitution: 10
  m_adhesion: 0
  m_plasticThreshold: 0
  m_plasticCreep: 0
  m_CollisionDistance: 0.003
  m_ParticleCollisionMargin: 0.0015
  m_ShapeCollisionMargin: 0.0015
  m_sleepThreshold: 0.01
  m_MaxSpeed: 5
  m_shockPropagation: 0
  m_dissipation: 50
  m_damping: 5
  m_inertiaBias: 0.1
  m_Fluid: 0
  m_cohesion: 0.025
  m_surfaceTension: 0
  m_viscosity: 0
  m_vorticityConfinement: 0
  m_solidPressure: 1
  m_freeSurfaceDrag: 0
  m_buoyancy: 1
  m_Wind: {x: 0, y: 0, z: 0}
  m_Drag: 0
  m_Lift: 0
  m_Smoothing: 1
  m_AnisotropyScale: 1
  m_AnisotropyMin: 0.1
  m_AnisotropyMax: 2
  m_DiffuseThreshold: 100
  m_DiffuseBuoyancy: 0
  m_DiffuseDrag: 0
  m_DiffuseBallistic: 16
  m_DiffuseSortAxis: {x: 0, y: 0, z: 0}
  m_DiffuseLifetime: 2
  m_NumPlanes: 1
  m_Planes:
  - 0
  - 1
  - 0
  - 0
  m_gravity: {x: 0, y: -4, z: 0}
--- !u!114 &114892197313231178
MonoBehaviour:
  m_ObjectHideFlags: 1
  m_PrefabParentObject: {fileID: 0}
  m_PrefabInternal: {fileID: 100100000}
  m_GameObject: {fileID: 1195599064818154}
  m_Enabled: 1
  m_EditorHideFlags: 0
  m_Script: {fileID: 11500000, guid: c4411ad542ae8014380ed43e8e530435, type: 3}
  m_Name: 
  m_EditorClassIdentifier: 
  m_meshColliders: []
  m_collidersCount: 0
  m_collidersPositions: []
  m_collidersPrevPositions: []
  m_collidersRotations: []
  m_collidersPrevRotations: []
  m_collidersAabbMin: []
  m_collidersAabbMax: []
  m_collidersStarts: 
  m_collidersFlags: 
--- !u!114 &114922087429092196
MonoBehaviour:
  m_ObjectHideFlags: 1
  m_PrefabParentObject: {fileID: 0}
  m_PrefabInternal: {fileID: 100100000}
  m_GameObject: {fileID: 1195599064818154}
  m_Enabled: 1
  m_EditorHideFlags: 0
  m_Script: {fileID: 11500000, guid: 47450b37dade5ea4b95b782db04c12a0, type: 3}
  m_Name: 
  m_EditorClassIdentifier: 
  m_flexGameObjects: []
  m_maxParticlesCount: 65536
  m_activeInstacesCount: 0
  m_particlesCount: 0
  m_activeParticlesCount: 0
  m_springsCount: 0
  m_shapesCount: 0
  m_shapeIndicesCount: 0
  m_trianglesCount: 0
  m_inflatablesCount: 0
  m_smoothedParticles: []
  m_particles: []
  m_restParticles: []
  m_velocities: []
  m_normals: []
  m_colors: []
  m_phases: 
  m_densities: []
  m_activeSet: 
  m_particlesActivity: 
  m_springIndices: 
  m_springRestLengths: []
  m_springCoefficients: []
  m_shapeIndices: 
  m_shapeOffsets: 
  m_shapeCenters: []
  m_shapeRestPositions: []
  m_shapeCoefficients: []
  m_shapeTranslations: []
  m_shapeTranslationsShift: []
  m_shapeRotations: []
  m_triangleIndices: 
  m_triangleNormals: []
  m_inflatableStarts: 
  m_inflatableCounts: 
  m_inflatableVolumes: []
  m_inflatableStiffness: []
  m_inflatablePressures: []
